<record><leader>00000cas a2200000 a 4500</leader><controlfield tag="001">17898644</controlfield><controlfield tag="007">hd afb---baca</controlfield><controlfield tag="008">880505d18141815mouwr nea     0   a0eng c</controlfield><controlfield tag="009">1488</controlfield><datafield ind1=" " ind2=" " tag="010"><subfield code="a">  2011252693</subfield></datafield><datafield ind1=" " ind2=" " tag="040"><subfield code="a">CFI</subfield><subfield code="b">eng</subfield><subfield code="c">CFI</subfield><subfield code="d">OCL</subfield><subfield code="d">OCLCQ</subfield><subfield code="d">WAU</subfield><subfield code="d">OCLCF</subfield></datafield><datafield ind1=" " ind2=" " tag="042"><subfield code="a">pcc</subfield></datafield><datafield ind1=" " ind2=" " tag="043"><subfield code="a">n-us-mo</subfield></datafield><datafield ind1=" " ind2="4" tag="050"><subfield code="a">AN74.S24</subfield><subfield code="b">G28</subfield></datafield><datafield ind1="0" ind2=" " tag="130"><subfield code="a">Missouri gazette &amp; Illinois advertiser (Saint Louis, Mo. : 1814)</subfield></datafield><datafield ind1="1" ind2="0" tag="245"><subfield code="a">Missouri gazette &amp; Illinois advertiser</subfield><subfield code="h">[microform].</subfield></datafield><datafield ind1="3" ind2="0" tag="246"><subfield code="a">Missouri gazette and Illinois advertiser</subfield></datafield><datafield ind1=" " ind2=" " tag="260"><subfield code="a">Saint Louis [Mo.] :</subfield><subfield code="b">J. Charless,</subfield><subfield code="c">1814-1815.</subfield></datafield><datafield ind1=" " ind2=" " tag="300"><subfield code="a">2 v. ;</subfield><subfield code="c">46 cm.</subfield></datafield><datafield ind1=" " ind2=" " tag="310"><subfield code="a">Weekly</subfield></datafield><datafield ind1="1" ind2=" " tag="362"><subfield code="a">Began with: Vol. 6, no. 282 (Feb. 26, 1814); ceased with: v. 7, no. 353 (July 8, 1815).</subfield></datafield><datafield ind1=" " ind2=" " tag="525"><subfield code="a">Supplements accompany some numbers.</subfield></datafield><datafield ind1=" " ind2=" " tag="533"><subfield code="a">Microfilm.</subfield><subfield code="b">Chicago, Ill. :</subfield><subfield code="c">Flofilm Process, Huey Co. for Newberry Library,</subfield><subfield code="d">1956.</subfield><subfield code="e">1 microfilm reel ; 35 mm.</subfield></datafield><datafield ind1=" " ind2=" " tag="588"><subfield code="a">Description based on: Vol. 6, no. 282 (Feb. 26, 1814); title from masthead.</subfield></datafield><datafield ind1=" " ind2=" " tag="588"><subfield code="a">Latest issue consulted: Vol. 7, no. 353 (July 8, 1815).</subfield></datafield><datafield ind1=" " ind2="0" tag="651"><subfield code="a">Saint Louis (Mo.)</subfield><subfield code="v">Newspapers.</subfield></datafield><datafield ind1=" " ind2="7" tag="655"><subfield code="a">Newspapers.</subfield><subfield code="2">fast</subfield><subfield code="0">(OCoLC)fst01423814</subfield></datafield><datafield ind1=" " ind2="7" tag="651"><subfield code="a">Missouri</subfield><subfield code="z">Saint Louis.</subfield><subfield code="2">fast</subfield><subfield code="0">(OCoLC)fst01204930</subfield></datafield><datafield ind1=" " ind2=" " tag="752"><subfield code="a">United States</subfield><subfield code="b">Missouri</subfield><subfield code="d">Saint Louis.</subfield></datafield><datafield ind1="0" ind2="0" tag="780"><subfield code="t">Missouri gazette (Saint Louis, Mo. : 1812)</subfield><subfield code="w">(DLC)  2011252692</subfield><subfield code="w">(OCoLC)17898596</subfield></datafield><datafield ind1="0" ind2="0" tag="785"><subfield code="t">Missouri gazette (Saint Louis, Mo. : 1815)</subfield><subfield code="w">(DLC)  2011252694</subfield><subfield code="w">(OCoLC)18506308</subfield></datafield></record>